@book{weyrich09,
	title={Principles of appearance acquisition and representation},
	author={Weyrich, Tim and Lawrence, Jason and Lensch, Hendrik PA and Rusinkiewicz, Szymon and Zickler, Todd},
	year={2009},
	publisher={Now Publishers Inc}
}

@article{dong19,
	title={Deep appearance modeling: A survey},
	author={Dong, Yue},
	journal={Visual Informatics},
	volume={3},
	number={2},
	pages={59--68},
	year={2019},
}

@article{kang18,
	title={Efficient reflectance capture using an autoencoder},
	author={Kang, Kaizhang and Chen, Zimin and Wang, Jiaping and Zhou, Kun and Wu, Hongzhi},
	journal={ACM Trans. Graph.},
	volume={37},
	number={4},
	pages={127--1},
	year={2018}
}

@inproceedings{li19,
	title={Synthesizing 3d shapes from silhouette image collections using multi-projection generative adversarial networks},
	author={Li, Xiao and Dong, Yue and Peers, Pieter and Tong, Xin},
	booktitle={CVPR 2019},
	pages={5535--5544},
	year={2019}
}

@InProceedings{bora17, 
	title = {Compressed Sensing using Generative Models}, 
	author = {Ashish Bora and Ajil Jalal and Eric Price and Alexandros G. Dimakis}, 
	pages = {537--546}, 
	year = {2017}, 
	volume = {70}, 
	series = {Proceedings of Machine Learning Research}, 
}

@article{asim19,
	title={Invertible generative models for inverse problems: mitigating representation error and dataset bias},
	author={Asim, Muhammad and Ahmed, Ali and Hand, Paul},
	journal={arXiv preprint arXiv:1905.11672},
	year={2019}
}

@article{malley19,
	title={Learning to regularize with a variational autoencoder for hydrologic inverse analysis},
	author={O'Malley, Daniel and Golden, John K and Vesselinov, Velimir V},
	journal={arXiv preprint arXiv:1906.02401},
	year={2019}
}

@inproceedings{Burley2012,
    title={Physically-based shading at Disney},
    author={Burley, Brett},
    booktitle={ACM SIGGRAPH 2012 Courses},
    year={2012}
}

@article{Guarnera2016,
	journal = {Computer Graphics Forum},
	title = {BRDF Representation and Acquisition},
	author = {Guarnera, Dar'ya and Guarnera, Giuseppe Claudio and Ghosh, Abhijeet and Denk, Cornelia and Glencross, Mashhuda},
	year = {2016},
	publisher = {The Eurographics Association and John Wiley & Sons Ltd.},
}

@inproceedings{Huang2017,
  title={Arbitrary Style Transfer in Real-time with Adaptive Instance Normalization},
  author={Xun Huang and Serge Belongie},
  booktitle={ICCV 2017},
  year={2017},
}

@article{Goldman2010,
  author = {S. M. Seitz and D. B. Goldman and B. Curless and A. Hertzmann},
  journal = {IEEE Transactions on Pattern Analysis and Machine Intelligence},
  title = {Shape and Spatially-Varying BRDFs from Photometric Stereo},
  year = {2010},
  volume = {32},
  number = {06},
  pages = {1060-1071},
}


@article{Dong2010,
 author = {Dong, Yue and Wang, Jiaping and Tong, Xin and Snyder, John and Lan, Yanxiang and Ben-Ezra, Moshe and Guo, Baining},
 title = {Manifold Bootstrapping for SVBRDF Capture},
 year = {2010},
 volume = {29},
 number = {4},
 journal = {ACM Trans. Graph.},
 pages = {98:1--98:10}
}

@inproceedings{Johnson2016,
  title={Perceptual Losses for Real-Time Style Transfer and Super-Resolution},
  author={Justin Johnson and Alexandre Alahi and Fei-Fei Li},
  booktitle={ECCV 2016},
  year={2016},
}


@inproceedings{Karras2018,
  title={Progressive Growing of {GAN}s for Improved Quality, Stability, and Variation},
  author={Tero Karras and Timo Aila and Samuli Laine and Jaakko Lehtinen},
  booktitle={ICLR 2018},
  year={2018},
}

@inproceedings{Goodfellow2014,
  title = {Generative Adversarial Nets},
  author = {Goodfellow, Ian and Pouget-Abadie, Jean and Mirza, Mehdi and Xu, Bing and Warde-Farley, David and Ozair, Sherjil and Courville, Aaron and Bengio, Yoshua},
  booktitle = {Advances in Neural Information Processing Systems 27},
  pages = {2672--2680},
  year = {2014},
}


@inproceedings{Hui2017,
  author = {Hui, Zhuo and Sunkavalli, Kalyan and Lee, Joon-Young and Hadap, Sunil and Wang, Jian and Sankaranarayanan, Aswin C.},
  title = {Reflectance Capture Using Univariate Sampling of BRDFs},
  booktitle = {ICCV 2017},
  month = {Oct},
  year = {2017}
}

@article{Li2017,
	author = {Li, Xiao and Dong, Yue and Peers, Pieter and Tong, Xin},
	title = {Modeling Surface Appearance from a Single Photograph Using Self-Augmented Convolutional Neural Networks},
	year = {2017},
	volume = {36},
	number = {4},
	journal = {ACM Trans. Graph.},
	pages = {45:1--45:11},
}


@article{Ren2011,
  author = {Ren, Peiran and Wang, Jiaping and Snyder, John and Tong, Xin and Guo, Baining},
  title = {Pocket Reflectometry},
  year = {2011},
  volume = {30},
  number = {4},
  journal = {ACM Trans. Graph.},
  pages = {45:1--45:10},
}


@inproceedings{Ngan2005,
  author = {Addy Ngan and Fr\'edo Durand and Wojciech Matusik},
  title = {Experimental Analysis of BRDF Models},
  booktitle = {EGSR 2005},
  year = {2005},
  pages = {117--226},
}

 @inproceedings{Marschner1999,
  booktitle = {Eurographics Workshop on Rendering},
  title = {{Image-Based BRDF Measurement Including Human Skin}},
  author = {Marschner, Stephen R. and Westin, Stephen H. and Lafortune, Eric P. F. and Torrance, Kenneth E. and Greenberg, Donald P.},
  year = {1999},
}

@article{Matusik2003,
  author = {Matusik, Wojciech and Pfister, Hanspeter and Brand, Matt and McMillan, Leonard},
  title = {A Data-Driven Reflectance Model},
  year = {2003},
  volume = {22},
  number = {3},
  journal = {ACM Trans. Graph.},
  pages = {759--769},
}


@article{Aittala2016,
 author = {Aittala, Miika and Aila, Timo and Lehtinen, Jaakko},
 title = {Reflectance Modeling by Neural Texture Synthesis},
 journal = {ACM Trans. Graph.},
 volume = {35},
 number = {4},
 year = {2016},
 pages = {65:1--65:13},
}

@article{Deschaintre2018,
 author = {Deschaintre, Valentin and Aittala, Miika and Durand, Fredo and Drettakis, George and Bousseau, Adrien},
 title = {Single-image SVBRDF Capture with a Rendering-aware Deep Network},
 journal = {ACM Trans. Graph.},
 volume = {37},
 number = {4},
 year = {2018},
 pages = {128:1--128:15},
}

@inproceedings{Li2018,
  author = {Zhengqin Li and Kalyan Sunkavalli and Manmohan Chandraker},
  title     = {Materials for Masses: {SVBRDF} Acquisition with a Single Mobile Phone
               Image},
  booktitle = {ECCV 2018},
  volume    = {11207},
  pages     = {74--90},
  year      = {2018},
}

@ARTICLE{Neal2012,
       author = {{Neal}, Radford M.},
        title = "{MCMC using Hamiltonian dynamics}",
      journal = {arXiv e-prints},
         year = "2012",
        month = "Jun",
        pages = {arXiv:1206.1901},
}

@article{Gardner2003,
 author = {Gardner, Andrew and Tchou, Chris and Hawkins, Tim and Debevec, Paul},
 title = {Linear Light Source Reflectometry},
 journal = {ACM Trans. Graph.},
 volume = {22},
 number = {3},
 year = {2003},
 pages = {749--758},
}

@inproceedings{Ghosh2009,
 author = {Ghosh, Abhijeet and Chen, Tongbo and Peers, Pieter and Wilson, Cyrus A. and Debevec, Paul},
 title = {Estimating Specular Roughness and Anisotropy from Second Order Spherical Gradient Illumination},
 booktitle = {EGSR 2009},
 year = {2009},
 pages = {1161--1170},
}

@inproceedings{Francken2009,
  author    = {Yannick Francken and
               Tom Cuypers and
               Tom Mertens and
               Philippe Bekaert},
  title     = {Gloss and Normal Map Acquisition of Mesostructures Using Gray Codes},
  booktitle = {Advances in Visual Computing},
  volume    = {5876},
  pages     = {788--798},
  publisher = {Springer},
  year      = {2009},
}

@article{Khungurn2015,
 author = {Khungurn, Pramook and Schroeder, Daniel and Zhao, Shuang and Bala, Kavita and Marschner, Steve},
 title = {Matching Real Fabrics with Micro-Appearance Models},
 journal = {ACM Trans. Graph.},
 volume = {35},
 number = {1},
 year = {2015},
 pages = {1:1--1:26},
}

@article{Wang2011,
	author = {Wang, Chun-Po and Snavely, Noah and Marschner, Steve},
	title = {Estimating Dual-Scale Properties of Glossy Surfaces from Step-Edge Lighting},
	year = {2011},
	volume = {30},
	number = {6},
	journal = {ACM Trans. Graph.},
	pages = {172:1--172:12}
}

@misc{Betancourt2017,
  author = {Betancourt, Michael},
  note = {arxiv:1701.02434},
  title = {A Conceptual Introduction to Hamiltonian Monte Carlo},
  year = 2017
}

@article{Zhao2011,
 author = {Zhao, Shuang and Jakob, Wenzel and Marschner, Steve and Bala, Kavita},
 title = {Building Volumetric Appearance Models of Fabric Using Micro CT Imaging},
 journal = {ACM Trans. Graph.},
 volume = {30},
 number = {4},
 year = {2011},
 pages = {44:1--44:10},
}

@article{Aittala2013,
 author = {Aittala, Miika and Weyrich, Tim and Lehtinen, Jaakko},
 title = {Practical SVBRDF Capture in the Frequency Domain},
 journal = {ACM Trans. Graph.},
 volume = {32},
 number = {4},
 year = {2013},
 pages = {110:1--110:12},
}

@article{Aittala2015,
 author = {Aittala, Miika and Weyrich, Tim and Lehtinen, Jaakko},
 title = {Two-shot SVBRDF Capture for Stationary Materials},
 journal = {ACM Trans. Graph.},
 volume = {34},
 number = {4},
 year = {2015},
 pages = {110:1--110:13},
}

@article{Stan,
   author = {Bob Carpenter and Andrew Gelman and Matthew Hoffman and Daniel Lee and Ben Goodrich and Michael Betancourt and Marcus Brubaker and Jiqiang Guo and Peter Li and Allen Riddell},
   title = {Stan: A Probabilistic Programming Language},
   journal = {Journal of Statistical Software, Articles},
   volume = {76},
   number = {1},
   year = {2017},
   pages = {1--32},
}

@ARTICLE{Rump08,
     author = {Rump, Martin and M{\"u}ller, Gero and Sarlette, Ralf and Koch, Dirk and Klein, Reinhard},
      pages = {527--536},
      title = {Photo-realistic Rendering of Metallic Car Paint from Image-Based Measurements},
    journal = {Computer Graphics Forum},
     volume = {27},
     number = {2},
       year = {2008},
}

@article{Dong2015,
 author = {Dong, Zhao and Walter, Bruce and Marschner, Steve and Greenberg, Donald P.},
 title = {Predicting Appearance from Measured Microgeometry of Metal Surfaces},
 journal = {ACM Trans. Graph.},
 volume = {35},
 number = {1},
 year = {2015},
 articleno = {9:1--9:13},
}

@article{Walter2007,
 author = {Walter, Bruce and Marschner, Stephen R. and Li, Hongsong and Torrance, Kenneth E.},
 title = {Microfacet Models for Refraction Through Rough Surfaces},
 journal = {EGSR 2007},
 year = {2007},
 pages = {195--206},
}

@article{Walter:2009:SSR,
	author = {Walter, Bruce and Zhao, Shuang and Holzschuch, Nicolas and Bala, Kavita},
	title = {Single Scattering in Refractive Media with Triangle Mesh Boundaries},
	journal = {ACM Trans. Graph.},
	volume = {28},
	number = {3},
	year = {2009},
	pages = {92:1--92:8},
}

@article{Zhao:2014:HSR,
	author = {Zhao, Shuang and Ramamoorthi, Ravi and Bala, Kavita},
	title = {High-order Similarity Relations in Radiative Transfer},
	journal = {ACM Trans. Graph.},
	volume = {33},
	number = {4},
	year = {2014},
	pages = {104:1--104:12},
}

@article{Zhao2016,
 author = {Zhao, Shuang and Luan, Fujun and Bala, Kavita},
 title = {Fitting Procedural Yarn Models for Realistic Cloth Rendering},
 journal = {ACM Trans. Graph.},
 volume = {35},
 number = {4},
 year = {2016},
 pages = {51:1--51:11},
}

@article{Leaf2018,
 author = {Leaf, Jonathan and Wu, Rundong and Schweickart, Eston and James, Doug L. and Marschner, Steve},
 title = {Interactive Design of Periodic Yarn-level Cloth Patterns},
 journal = {ACM Trans. Graph.},
 volume = {37},
 number = {6},
 year = {2018},
 pages = {202:1--202:15},
}

@misc{Substance,
	Author = {Adobe},
	Year = {2019},
	Note = {\url{www.substance3d.com}},
	Title = {Substance}
}

@misc{Gatys2015,
    title={A Neural Algorithm of Artistic Style},
    author={Leon A. Gatys and Alexander S. Ecker and Matthias Bethge},
    year={2015},
    eprint={1508.06576},
}

@INPROCEEDINGS{Gatys2016,
  author={L. A. {Gatys} and A. S. {Ecker} and M. {Bethge}},
  booktitle={CVPR 2016},
  title={Image Style Transfer Using Convolutional Neural Networks},
  year={2016},
  volume={},
  number={},
  pages={2414-2423},
}

@article{Hu2019,
 author = {Hu, Yiwei and Dorsey, Julie and Rushmeier, Holly},
 title = {A Novel Framework for Inverse Procedural Texture Modeling},
 journal = {ACM Trans. Graph.},
 volume = {38},
 number = {6},
 year = {2019},
 pages = {186:1--186:14},
}

@InProceedings{VGG,
  author       = "Karen Simonyan and Andrew Zisserman",
  title        = "Very Deep Convolutional Networks for Large-Scale Image Recognition",
  booktitle    = "ICLR 2015",
  year         = "2015",
}

@article{Liu2016,
 author = {Liu, Albert Julius and Dong, Zhao and Ha\v{s}an, Milo\v{s} and Marschner, Steve},
 title = {Simulating the Structure and Texture of Solid Wood},
 journal = {ACM Trans. Graph.},
 volume = {35},
 number = {6},
 year = {2016},
 pages = {170:1--170:11},
}

@misc{Risser2017,
    title={Stable and Controllable Neural Texture Synthesis and Style Transfer Using Histogram Losses},
    author={Eric Risser and Pierre Wilmot and Connelly Barnes},
    year={2017},
    eprint={1701.08893},
}

@article{Gao2019,
	title={Deep inverse rendering for high-resolution SVBRDF estimation from an arbitrary number of images},
	author={Gao, Duan and Li, Xiao and Dong, Yue and Peers, Pieter and Xu, Kun and Tong, Xin},
	journal={ACM Trans. Graph.},
	volume={38},
	number={4},
	year={2019}
}

@article{Deschaintre2019,
  author       = "Deschaintre, Valentin and Aittala, Miika and Durand, Fr\'edo and Drettakis, George and Bousseau, Adrien",
  title        = "Flexible SVBRDF Capture with a Multi-Image Deep Network",
  journal      = "Computer Graphics Forum",
  number       = "4",
  volume       = "38",
  year         = "2019",
}

@misc{Abdal19a,
    title={Image2StyleGAN: How to Embed Images Into the StyleGAN Latent Space?},
    author={Rameen Abdal and Yipeng Qin and Peter Wonka},
    year={2019},
    eprint={1904.03189},
}

@misc{Abdal19b,
    title={Image2StyleGAN++: How to Edit the Embedded Images?},
    author={Rameen Abdal and Yipeng Qin and Peter Wonka},
    year={2019},
    eprint={1911.11544},
}


@article{Walter07,
 author = {Walter, Bruce and Marschner, Stephen R. and Li, Hongsong and Torrance, Kenneth E.},
 title = {Microfacet Models for Refraction Through Rough Surfaces},
 journal = {EGSR 2007},
 year = {2007},
 pages = {195--206},
}

@misc{Guo2019,
    title={A Bayesian Inference Framework for Procedural Material Parameter Estimation},
    author={Yu Guo and Milos Hasan and Lingqi Yan and Shuang Zhao},
    year={2019},
    eprint={1912.01067},
}

@misc{StyleGAN,
    title={A Style-Based Generator Architecture for Generative Adversarial Networks},
    author={Tero Karras and Samuli Laine and Timo Aila},
    year={2018},
    eprint={1812.04948},
}


@misc{karras17,
	title={Progressive growing of gans for improved quality, stability, and variation},
	author={Karras, Tero and Aila, Timo and Laine, Samuli and Lehtinen, Jaakko},
	journal={arXiv preprint arXiv:1710.10196},
	year={2017}
}

@article{DCGAN,
  author    = {Alec Radford and
               Luke Metz and
               Soumith Chintala},
  title     = {Unsupervised Representation Learning with Deep Convolutional Generative
               Adversarial Networks},
  journal   = {CoRR},
  volume    = {abs/1511.06434},
  year      = {2015},
  eprint    = {1511.06434},
}

@InProceedings{Tulyakov18,
author = {Tulyakov, Sergey and Liu, Ming-Yu and Yang, Xiaodong and Kautz, Jan},
title = {MoCoGAN: Decomposing Motion and Content for Video Generation},
booktitle = {CVPR 2018},
month = {June},
year = {2018}
}

@article{Donahue18,
  author    = {Chris Donahue and
               Julian McAuley and
               Miller Puckette},
  title     = {Synthesizing Audio with Generative Adversarial Networks},
  journal   = {CoRR},
  volume    = {abs/1802.04208},
  year      = {2018},
  eprint    = {1802.04208},
}

@inproceedings{GAN,
  title = {Generative Adversarial Nets},
  author = {Goodfellow, Ian and Pouget-Abadie, Jean and Mirza, Mehdi and Xu, Bing and Warde-Farley, David and Ozair, Sherjil and Courville, Aaron and Bengio, Yoshua},
  booktitle = {Advances in Neural Information Processing Systems 27},
  pages = {2672--2680},
  year = {2014},
}

@misc{Zhu2016,
    title={Generative Visual Manipulation on the Natural Image Manifold},
    author={Jun-Yan Zhu and Philipp Krähenbühl and Eli Shechtman and Alexei A. Efros},
    year={2016},
    eprint={1609.03552},
}

@misc{StyleGAN2,
    title={Analyzing and Improving the Image Quality of StyleGAN},
    author={Tero Karras and Samuli Laine and Miika Aittala and Janne Hellsten and Jaakko Lehtinen and Timo Aila},
    year={2019},
    eprint={1912.04958},
}

@article{LPIPS,
  author    = {Richard Zhang and
               Phillip Isola and
               Alexei A. Efros and
               Eli Shechtman and
               Oliver Wang},
  title     = {The Unreasonable Effectiveness of Deep Features as a Perceptual Metric},
  journal   = {CoRR},
  volume    = {abs/1801.03924},
  year      = {2018},
}

@article{Xu2016,
	author = {Xu, Zexiang and Nielsen, Jannik Boll and Yu, Jiyang and Jensen, Henrik Wann and Ramamoorthi, Ravi},
	title = {Minimal BRDF Sampling for Two-Shot near-Field Reflectance Acquisition},
	year = {2016},
	volume = {35},
	number = {6},
	journal = {ACM Trans. Graph.},
	numpages = {188:1--188:12},
}